\begin{thebibliography}{18}
@article{hidost,
  author    = {Nedim Srndic and Pavel Laskov},
  journal   = {{EURASIP} J. Inf. Secur.},
  title     = {Hidost: a static machine-learning-based detector of malicious files},
  year      = {2016},
  pages     = {22},
  volume    = {2016},
  bibsource = {dblp computer science bibliography, https://dblp.org},
  biburl    = {https://dblp.org/rec/journals/ejisec/SrndicL16.bib},
  doi       = {10.1186/s13635-016-0045-0}
}
@article{zfp,
  author = {Mohammad Sayad Haghighi and Faezeh Farivar and Alireza Jolfaei},
  title  = {A Machine Learning-based Approach to Build Zero False-Positive IPSs for Industrial IoT and CPS with a Case Study on Power Grids Security},
  year   = {2020},
  issn   = {0093-9994},
  pages  = {1-1},
  doi    = {10.1109/tia.2020.3011397}
}


@inbook{tax,
  author  = {Elingiusti, Michele and Aniello, Leonardo and Querzoni, Leonardo},
  year    = {2018},
  month   = {01},
  pages   = {169-191},
  title   = {PDF-Malware Detection: A Survey and Taxonomy of Current Techniques},
  isbn    = {978-3-319-73950-2},
  journal = {Advances in Information Security},
  doi     = {10.1007/978-3-319-73951-9_9}
}

@article{vatamanu,
  author  = {Vatamanu, Cristina and Gavriluţ, Dragoş and Benchea, Răzvan},
  year    = {2012},
  month   = {11},
  pages   = {},
  title   = {A practical approach on clustering malicious PDF documents},
  volume  = {8},
  journal = {Journal in Computer Virology},
  doi     = {10.1007/s11416-012-0166-z}
}


@inproceedings{davide,
  author  = {Maiorca, Davide and Ariu, Davide and Corona, Igino and Giacinto, Giorgio},
  year    = {2015},
  month   = {02},
  pages   = {},
  title   = {A Structural and Content-Based Approach for a Precise and Robust Detection of Malicious PDF Files},
  journal = {ICISSP 2015 - 1st International Conference on Information Systems Security and Privacy, Proceedings},
  doi     = {10.5220/0005264400270036}
}

@article{himanshu,
  author  = {Pareek, Himanshu},
  year    = {2013},
  month   = {02},
  pages   = {},
  title   = {Entropy and n-gram analysis of malicious PDF documents},
  journal = {International Journal of Engineering Research and Technology}
}


@inproceedings{luxor,
  author  = {Corona, Igino and Maiorca, Davide and Ariu, Davide and Giacinto, Giorgio},
  year    = {2014},
  month   = {11},
  pages   = {},
  title   = {Lux0R: Detection of Malicious PDF-embedded JavaScript code through Discriminant Analysis of API References},
  volume  = {2014},
  journal = {Proceedings of the ACM Conference on Computer and Communications Security},
  doi     = {10.1145/2666652.2666657}
}

@inproceedings{slayer,
  author = {Maiorca, Davide and Giacinto, Giorgio and Corona, Igino},
  year   = {2012},
  month  = {07},
  pages  = {510-524},
  title  = {A Pattern Recognition System for Malicious PDF Files Detection},
  volume = {7376},
  isbn   = {9783642315367},
  doi    = {10.1007/978-3-642-31537-4_40}
}

@inproceedings{pdfrate,
  author  = {Smutz, Charles and Stavrou, Angelos},
  year    = {2012},
  month   = {12},
  pages   = {239-248},
  title   = {Malicious PDF detection using metadata and structural features},
  journal = {ACM International Conference Proceeding Series},
  doi     = {10.1145/2420950.2420987}
}


@inproceedings{tfa,
  author  = {Ulucenk, Caglar and Varadharajan, Vijay and Tupakula, Udaya},
  year    = {2011},
  month   = {12},
  pages   = {41-48},
  title   = {Techniques for Analysing PDF Malware},
  journal = {Proceedings - Asia-Pacific Software Engineering Conference, APSEC},
  doi     = {10.1109/APSEC.2011.41}
}

% @misc{ISO32000,
%   url     = {https://www.iso.org/standard/51502.html},
%   journal = {ISO}
% }
@misc{randomforest,
  title   = {Random forest},
  url     = {https://en.wikipedia.org/wiki/Random_forest},
  journal = {Wikipedia},
  author  = {Contributors to Wikimedia projects},
  year    = {2022},
  month   = {Jun}
}
% @misc{lightgbm,
%   url     = {https://lightgbm.readthedocs.io/en/v3.3.2/},
%   journal = {Microsoft}
% }

@inproceedings{scrutinizer,
  author = {Schmitt, Florian and Gassen, Jan and Gerhards-Padilla, Elmar},
  year   = {2012},
  month  = {07},
  pages  = {104-111},
  title  = {PDF Scrutinizer: Detecting JavaScript-based attacks in PDF documents},
  isbn   = {978-1-4673-2323-9},
  doi    = {10.1109/PST.2012.6297926}
}
@inproceedings{mdscan,
  title     = {Combining static and dynamic analysis for the detection of malicious documents},
  author    = {Zacharias Tzermias and Giorgos Sykiotakis and Michalis Polychronakis and Evangelos P. Markatos},
  booktitle = {EUROSEC '11},
  year      = {2011}
}

@misc{contagio,
  title  = {16,800 clean and 11,960 malicious files for signature testing and research.},
  url    = {http://contagiodump.blogspot.com/2013/03/16800-clean-and-11960-malicious-files.html},
  author = {Mila Parkour}
}
% @misc{evasive,
%   url     = {https://www.unb.ca/cic/datasets/pdfmal-2022.html},
%   journal = {UNB}
% }

@article{swarm,
  title   = {A Comprehensive Review of Swarm Optimization Algorithms},
  volume  = {10},
  doi     = {10.1371/journal.pone.0122827},
  number  = {5},
  journal = {PLOS ONE},
  author  = {Wahab, Mohd Nadhir Ab and Nefti-Meziani, Samia and Atyabi, Adham},
  year    = {2015},
  month   = {May}
}

@inproceedings{bytecode,
author = {Rozi, Muhammad and Kim, Sangwook and Ozawa, Seiichi},
year = {2020},
month = {07},
pages = {1-8},
title = {Deep Neural Networks for Malicious JavaScript Detection Using Bytecode Sequences},
doi = {10.1109/IJCNN48605.2020.9207134}
}
@article{optuna,
author = {Bergstra, James and Bardenet, R. and Bengio, Y. and Kégl, Balázs},
year = {2011},
month = {01},
pages = {2546-2554},
title = {Algorithms for hyper-parameter optimization},
journal = {Advances in Neural Information Processing Systems}
}

@inproceedings{dpcnn,
author = {Johnson, Rie and Zhang, Tong},
year = {2017},
month = {01},
pages = {562-570},
title = {Deep Pyramid Convolutional Neural Networks for Text Categorization},
doi = {10.18653/v1/P17-1052}
}
\end{thebibliography}